<record><leader>00000cas a22000007a 4500</leader><controlfield tag="001">16127646</controlfield><controlfield tag="008">870702d1922193uinuwr ne      0    0eng d</controlfield><datafield ind1=" " ind2=" " tag="010"><subfield code="a">sn 87056596 </subfield></datafield><datafield ind1=" " ind2=" " tag="040"><subfield code="a">NPI</subfield><subfield code="b">eng</subfield><subfield code="c">NPI</subfield><subfield code="d">OCLCQ</subfield></datafield><datafield ind1=" " ind2=" " tag="042"><subfield code="a">msc</subfield></datafield><datafield ind1="0" ind2=" " tag="130"><subfield code="a">Home-news (Indianapolis, Ind. : North side ed.)</subfield></datafield><datafield ind1="1" ind2="4" tag="245"><subfield code="a">The Home-news.</subfield></datafield><datafield ind1=" " ind2=" " tag="250"><subfield code="a">North side.</subfield></datafield><datafield ind1=" " ind2=" " tag="260"><subfield code="a">Indianapolis, Ind. :</subfield><subfield code="b">Clay Trusty</subfield></datafield><datafield ind1=" " ind2=" " tag="310"><subfield code="a">Weekly</subfield></datafield><datafield ind1="1" ind2=" " tag="362"><subfield code="a">Began with Dec. 14, 1922?</subfield></datafield><datafield ind1=" " ind2=" " tag="500"><subfield code="a">"A ... newspaper circulating north of Thirty-eighth Street including Broad Ripple, east of Washington Boulevard."</subfield></datafield><datafield ind1=" " ind2=" " tag="500"><subfield code="a">Also published in other local editions.</subfield></datafield><datafield ind1=" " ind2=" " tag="588"><subfield code="a">Description based on: 1st year, no. 7 (Jan. 18, 1923).</subfield></datafield><datafield ind1=" " ind2=" " tag="752"><subfield code="a">United States</subfield><subfield code="b">Indiana</subfield><subfield code="c">Marion</subfield><subfield code="d">Indianapolis.</subfield></datafield><datafield ind1="1" ind2=" " tag="775"><subfield code="t">Home-news (Indianapolis, Ind. : Christian visitor ed.)</subfield><subfield code="w">(DLC)sn 87056587</subfield></datafield><datafield ind1="1" ind2=" " tag="775"><subfield code="t">Home-news (Indianapolis, Ind. : East side ed.)</subfield><subfield code="w">(DLC)sn 87056586</subfield></datafield><datafield ind1="1" ind2=" " tag="775"><subfield code="t">Home-news (Indianapolis, Ind. : South side ed.)</subfield><subfield code="w">(DLC)sn 87056588</subfield></datafield><datafield ind1="1" ind2=" " tag="775"><subfield code="t">Home-news (Indianapolis, Ind. : Hub ed.)</subfield><subfield code="w">(DLC)sn 87056591</subfield></datafield><datafield ind1="1" ind2=" " tag="775"><subfield code="t">Home-news (Indianapolis, Ind. : Meridian ed.)</subfield><subfield code="w">(DLC)sn8705065901</subfield></datafield></record>